@manual{bib:XSTUG11_3,
	title = "XST User Guide",
	year = "2009",
	organization = "Xilinx\textregistered",
}
